@book{lz2004gdsx,
  title={高等数学},
  author={李忠 and 周建莹},
  year={2004},
  publisher={北京大学出版社},
  note={比同济的高数讲的东西多一点，我这里从来没讲过极限之类的东西，如果要认真学高数一定要把极限好好看一遍}
}
@book{riley2006mathematical,
  title={Mathematical Methods for Physics and Engineering: {A} Comprehensive Guide},
  author={Riley, Kenneth F. and Hobson, Michael P. and Bence, Stephen J.},
  year={2006},
  publisher={Cambridge University Press},
  note={一本满足的数学书，从什么叫多项式到微积分、复变函数、矢量分析、常微分方程、偏微分方程、特殊函数、变分法、积分方程、张量分析、数值方法、群论、概率论全部讲了一遍，内容都很浅显}
}
@book{wcs1999sxwlff,
  title={数学物理方法},
  author={吴崇试},
  year={1999},
  publisher={北京大学出版社},
  note={数理方法=复变函数+特殊函数+偏微分方程，如果这本看不懂还可以看看梁昆淼的另一本}
}
@book{zlq2006sxfx,
  title={数学分析},
  author={卓里奇, V. A.},
  year={2006},
  publisher={高等教育出版社},
  note={著名的苏联教材，感受一下战斗民族硬肛硬的风格，如果还有(yao)兴(zuo)趣(si)可以接着看柯尔莫哥洛夫、阿诺尔德之类的神书}
}
@book{wl2014sfxzdfl,
  title={实分析中的反例},
  author={汪林},
  year={2014},
  publisher={高等教育出版社},
  note={看过之后再让你找反例简直就是开挂}
}
@book{gelbaum2003counterexamples,
  title={Counterexamples in Analysis},
  author={Gelbaum, Bernard R. and Olmsted, John M. H.},
  year={2003},
  publisher={Courier Corporation},
  note={跟上面一样}
}
@book{nahin2014inside,
  title={Inside Interesting Integrals},
  author={Nahin, Paul J.},
  year={2014},
  publisher={Springer Publishing},
  note={教你算各种奇怪的积分，看了之后就知道有多奇怪了，虽然这些积分都能用电脑算出来}
}
@book{mahajan2010street,
  title={Street-Fighting Mathematics: {T}he Art of Educated Guessing and Opportunistic Problem Solving},
  author={Mahajan, Sanjoy and Mead, Carver A.},
  year={2010},
  publisher={MIT Press},
  note={用街头斗殴的风格解决数学问题，主要是近似和猜答案}
}
@book{qws2010gdds,
  title={高等代数},
  author={丘维声},
  year={2010},
  publisher={高等教育出版社},
  note={线性代数学过矩阵，高等代数还要学群环域之类的东西，比如告诉你没有加法交换律会怎么样}
}
@book{von2013modern,
  title={Modern Computer Algebra},
  author={von zur Gathen, Joachim and Gerhard, J\"urgen},
  year={2013},
  publisher={Cambridge University Press},
  note={用电脑来做分解因式、分解质因数之类的运算，你会发现同余是一种很有用的东西}
}
@book{krauth2006statistical,
  title={Statistical Mechanics: {A}lgorithms and Computations},
  author={Krauth, Werner},
  volume={13},
  year={2006},
  publisher={Oxford University Press},
  note={用电脑算一些需要大量随机数来解决的问题，比如把一万只兔子装在一个箱子里}
}
@book{sys2005lx,
  title={力学},
  author={舒幼生},
  year={2005},
  publisher={北京大学出版社},
  note={普通的力学课本，舒老喜欢让学生练习各种暴算}
}
@book{ld2007lx,
  title={力学},
  author={朗道, L. D. and 栗弗席兹, E. M.},
  year={2007},
  publisher={高等教育出版社},
  note={朗道大法好！！！讲的全都是拉格朗日力学和哈密顿力学，整本书没有出现过牛顿方程，翻到第二页就开始变分，看一遍可以重新塑造你的世界观}
}
@book{shc2006jdlx,
  title={经典力学},
  author={沈惠川},
  year={2006},
  publisher={中国科学技术大学出版社},
  note={讲了很多一般人不会讲的细节问题，还有胡克定律的魔改，而且经常能看到对其他人的吐槽或者引经据典}
}
@book{gsh2008ddlx,
  title={电动力学},
  author={郭硕鸿},
  year={2008},
  publisher={高等教育出版社},
  note={普通的电动课本}
}
@book{ld2012cl,
  title={场论},
  author={朗道, L. D. and 栗弗席兹, E. M.},
  year={2012},
  publisher={高等教育出版社},
  note={仍然用拉格朗日力学体系讲电动力学，至于后面的广义相对论就不用看了，如果真要看可以去看梁灿彬的}
}
@book{cbq2001dcxztyj,
  title={电磁学专题研究},
  author={陈秉乾 and 胡望雨 and 舒幼生},
  year={2001},
  publisher={高等教育出版社},
  note={给老师看的电磁学书，讲了一些疑难问题，比如圆盘旋转的时候磁通量变不变}
}
@book{wzc2008rlxtjwl,
  title={热力学·统计物理},
  author={汪志诚},
  year={2008},
  publisher={高等教育出版社},
  note={普通的热统课本}
}
@book{shc2011tjlx,
  title={统计力学},
  author={沈惠川},
  year={2011},
  publisher={中国科学技术大学出版社},
  note={围观吉布斯和杨振宁装逼，仍然能看到对其他人的吐槽或者引经据典}
}
@book{griffiths2004introduction,
  title={Introduction to Quantum Mechanics},
  author={Griffiths, David J.},
  year={2004},
  publisher={Pearson Prentice Hall},
  note={我见过的最浅显的量子力学课本，量子力学一开始最好不要看朗道或者曾谨言}
}
@book{sakurai2011modern,
  title={Modern Quantum Mechanics},
  author={Sakurai, Jun J. and Napolitano, Jim},
  year={2011},
  publisher={Addison-Wesley},
  note={散射在量子力学里面非常重要}
}
@book{zkh1991dxhbdlwlx,
  title={定性和半定量物理学},
  author={赵凯华},
  year={1991},
  publisher={高等教育出版社},
  note={量纲分析的理论基础和各种神奇的例子，比如口算白矮星有多大}
}
@book{zwiebach2004first,
  title={A First Course in String Theory},
  author={Zwiebach, Barton},
  year={2004},
  publisher={Cambridge University Press},
  note={高中难度的弦论课本，从什么叫拉格朗日量和洛伦兹变换开始讲}
}
@book{horowitz1980art,
  title={The Art of Electronics},
  author={Horowitz, Paul and Hill, Winfield and Robinson, Ian},
  year={1980},
  publisher={Cambridge University Press},
  note={高中难度的模拟电路，里面有一只三极管男}
}
@book{lyq2001jglxjc,
  title={结构力学教程},
  author={龙驭球 and 包世华},
  year={2001},
  publisher={高等教育出版社},
  note={工科的课本，有一套专门给杆子作受力分析的方法}
}
